@misc{cnnbrasil:2025,
    author = {Patrick Fuentes},
    title = {Valor do café sobe para nível mais alto em 28 anos, aponta levantamento},
    institution = {CNN Brasil},
    howpublished = {Disponível em: https://www.cnnbrasil.com.br/economia/macroeconomia/valor-do-cafe-sobe-para-nivel-mais-alto-em-28-anos-aponta-levantamento/},
    year = {2025},
    note = {Acesso em: 06 de maio de 2025}
}

@article{pinto:2004,
  author = {Pinto, Hilton Siqueira and Assad, Eduardo Delgado and Zullo Junior, Jurandir},
  title = {O aquecimento global e a agricultura},
  journal = {Saneas},
  pages = {34--36},
  year = {2004},
  month = {agosto},
  note = {Disponível em: https://www.academia.edu/download/40291678/download.pdf. Acesso em: 10 de maio de 2025},
}

@misc{macrotrends,
    key = {Macrotrends},
    year = {2025},
    note = {Coffee Prices - 45 Year Historical Chart. Disponível em: {https://www.macrotrends.net/2535/coffee-prices-historical-chart-data}. Acesso em: 6 de maio de 2025.}
}

@misc{gistemp,
    key = {GISTEMP Team},
    year = {2025},
    note = {GISS Surface Temperature Analysis (GISTEMP), versão 4. NASA Goddard Institute for Space Studies. Disponível em: {https://data.giss.nasa.gov/gistemp/}. Acesso em:  6 de maio de 2025.}
}

@misc{usbls,
    key = {U.S. Bureau of Labor Statistics},
    year = {2025},
    note = {Consumer Price Index for All Urban Consumers: All Items in U.S. City Average [CPIAUCSL]. Disponível em: {https://www.bls.gov/data/}. Acesso em: 6 de maio de 2025. }
}
